% ========================================================================
% These are my references
% ========================================================================


% ========================================================================

@article{Aaij:2013aka,
      author         = "Aaij, R. and others",
      title          = "{Measurement of the $B^0_s \to \mu^+ \mu^-$ branching
                        fraction and search for $B^0 \to \mu^+ \mu^-$ decays at
                        the LHCb experiment}",
      collaboration  = "LHCb",
      journal        = "Phys. Rev. Lett.",
      volume         = "111",
      year           = "2013",
      pages          = "101805",
      doi            = "10.1103/PhysRevLett.111.101805",
      eprint         = "1307.5024",
      archivePrefix  = "arXiv",
      primaryClass   = "hep-ex",
      reportNumber   = "CERN-PH-EP-2013-128, LHCB-PAPER-2013-046",
      SLACcitation   = "%%CITATION = ARXIV:1307.5024;%%"
}